@article{kraft:relationship,
  title = "Relationship between energy and GNP",
  author = "Kraft, John and Kraft, Arthur",
  journal = "J. Energy Dev.;(United States)",
  volume = {3},
  number = {2},
  year = {1978} }

@article{yu:causal,
  title = "Causal relationship between energy and GNP: an international comparison",
  author = "Yu, Eden SH and Choi, Jai-Young",
  journal = "J. Energy Dev.;(United States)",
  volume = {10},
  number = {2},
  year = {1985},
  publisher = {Louisiana State Univ., Baton Rouge}
}

@article{erol1987causal,
  title={On the causal relationship between energy and income for industrialized countries},
  author={Erol, Umit and Yu, Eden SH},
  journal={Journal of Energy and Development},
  volume={13},
  number={1},
  pages={113--122},
  year={1987}
}

@article{glasure1998cointegration,
  title={Cointegration, error-correction, and the relationship between GDP and energy:: The case of South Korea and Singapore},
  author={Glasure, Yong U and Lee, Aie-Rie},
  journal={Resource and Energy Economics},
  volume={20},
  number={1},
  pages={17--25},
  year={1998},
  publisher={Elsevier}
}

@ARTICLE{bowman:reasoning,
	AUTHOR = "Mic Bowman and Saumya K. Debray and Larry L. Peterson",
	TITLE = "Reasoning About Naming Systems",
	JOURNAL = "ACM Trans. Program. Lang. Syst.",
	VOLUME = {15},
	NUMBER = {5},
	PAGES = {795-825},
	MONTH = "November",
	YEAR = {1993}	}

@ARTICLE{braams:babel,
	AUTHOR = "Johannes Braams",
	TITLE = "Babel, a Multilingual Style-Option System for Use with LaTeX's Standard Document Styles",
	JOURNAL = {TUGboat},
	VOLUME = {12},
	NUMBER = {2},
	PAGES = {291-301},
	MONTH = "June",
	YEAR = {1991}	}

@INPROCEEDINGS{clark:pct,
	AUTHOR = "Malcolm Clark",
	TITLE = "Post Congress Tristesse",
	BOOKTITLE = "TeX90 Conference Proceedings",
	PAGES = "84-89",
	ORGANIZATION = "TeX Users Group",
	MONTH = "March", 
	YEAR = {1991}	}

@ARTICLE{herlihy:methodology,
	AUTHOR = "Maurice Herlihy",
	TITLE = "A Methodology for Implementing Highly Concurrent
	Data Objects",
	JOURNAL = {ACM Trans. Program. Lang. Syst.},
	VOLUME = {15},
	NUMBER = {5},
	PAGES = {745-770},
	MONTH = "November",
	YEAR = {1993}	}

@BOOK{Lamport:LaTeX,
	AUTHOR = "Leslie Lamport",
	TITLE = "LaTeX User's Guide and Document Reference Manual",
	PUBLISHER = "Addison-Wesley Publishing Company",
	ADDRESS = "Reading, Massachusetts",
	YEAR = "1986"	}

@BOOK{salas:calculus,
	AUTHOR = "S.L. Salas and Einar Hille",
	TITLE = "Calculus: One and Several Variable",
	PUBLISHER = "John Wiley and Sons",
	ADDRESS = "New York",
	YEAR = "1978"	}






